<?xml version="1.0" encoding="UTF-8"?><record xmlns="http://www.loc.gov/MARC21/slim" xmlns:cinclude="http://apache.org/cocoon/include/1.0" xmlns:zs="http://www.loc.gov/zing/srw/">
  <leader>00415nz  a2200133n  4500</leader>
  <controlfield tag="001">no2006054106</controlfield>
  <controlfield tag="003">DLC</controlfield>
  <controlfield tag="005">20060525052022.0</controlfield>
  <controlfield tag="008">060517n| acannaabn          |n ana     c</controlfield>
  <datafield tag="010" ind1=" " ind2=" ">
    <subfield code="a">no2006054106</subfield>
  </datafield>
  <datafield tag="035" ind1=" " ind2=" ">
    <subfield code="a">(OCoLC)oca06949391</subfield>
  </datafield>
  <datafield tag="040" ind1=" " ind2=" ">
    <subfield code="a">OBgU-MA</subfield>
    <subfield code="b">eng</subfield>
    <subfield code="c">OBgU-MA</subfield>
  </datafield>
  <datafield tag="110" ind1="2" ind2=" ">
    <subfield code="a">Society's Hot Nuts (Comedy troupe)</subfield>
  </datafield>
  <datafield tag="670" ind1=" " ind2=" ">
    <subfield code="a">Society's Hot Nuts (Comedy troupe). Bull s--t session [SR] 1970:</subfield>
    <subfield code="b">container (Society's Hot Nuts)</subfield>
  </datafield>
</record>